<?xml version="1.0" encoding="UTF-8"?><collection xmlns="http://www.loc.gov/MARC21/slim"><record><leader>00438nam--2200145-i-4500</leader><controlfield tag="001">000003674</controlfield><controlfield tag="002">20161230</controlfield><controlfield tag="005">20170114230414</controlfield><controlfield tag="008">060222s1000------------r-----000-0-eng-d</controlfield><datafield ind1=" " ind2=" " tag="100"><subfield code="a">Chapman, Sydney</subfield></datafield><datafield ind1=" " ind2=" " tag="245"><subfield code="a">The lunar and solar daily variations of the horizontal geomagnetic vector at Greenwich, 1848-1913</subfield></datafield><datafield ind1=" " ind2=" " tag="260"><subfield code="a">Gottingen</subfield><subfield code="b">Van Denhoek</subfield><subfield code="c">1957</subfield></datafield><datafield ind1=" " ind2=" " tag="300"><subfield code="a">48 p.+ Appendix L6 P.1</subfield></datafield><datafield ind1=" " ind2=" " tag="852"><subfield code="a">4814</subfield></datafield><datafield ind1=" " ind2=" " tag="CAT"><subfield code="a">SYS</subfield><subfield code="c">20170114</subfield><subfield code="h">230414</subfield></datafield></record></collection>